
@inproceedings{thummala_high_2012,
	title = {A high voltage {DC}-{DC} converter driving a {Dielectric} {Electro} {Active} {Polymer} actuator for wind turbine flaps},
	booktitle = {2012 47th {International} {Universities} {Power} {Engineering} {Conference} ({UPEC})},
	author = {Thummala, P. and Zhang, Z. and Andersen, M. A. E. and Thomsen, O. C.},
	month = sep,
	year = {2012},
	pages = {1--7},
}

@article{suo_theory_2010,
	title = {Theory of dielectric elastomers},
	volume = {23},
	number = {6},
	journal = {Acta Mechanica Solida Sinica},
	author = {Suo, Zhigang},
	month = dec,
	year = {2010},
	keywords = {dielectric elastomer, electromechanical instability, large deformation, soft active material, transducer},
	pages = {549--578},
}

@article{anderson_multi-functional_2012,
	title = {Multi-functional dielectric elastomer artificial muscles for soft and smart machines},
	volume = {112},
	number = {4},
	journal = {Journal of Applied Physics},
	author = {Anderson, Iain A. and Gisby, Todd A. and McKay, Thomas G. and O’Brien, Benjamin M. and Calius, Emilio P.},
	month = aug,
	year = {2012},
}

@inproceedings{pei_multifunctional_2002,
	title = {Multifunctional electroelastomer rolls and their application for biomimetic walking robots},
	volume = {4698},
	booktitle = {Smart {Structures} and {Materials} 2002: {Industrial} and {Commercial} {Applications} of {Smart} {Structures} {Technologies}},
	publisher = {International Society for Optics and Photonics},
	author = {Pei, Qibing and Pelrine, Ron and Stanford, Scott and Kornbluh, Roy D. and Rosenthal, Marc S. and Meijer, Kenneth and Full, Robert J.},
	month = jul,
	year = {2002},
	pages = {246--253},
}

@inproceedings{kornbluh_electroelastomers:_2002,
	title = {Electroelastomers: applications of dielectric elastomer transducers for actuation, generation, and smart structures},
	volume = {4698},
	shorttitle = {Electroelastomers},
	booktitle = {Smart {Structures} and {Materials} 2002: {Industrial} and {Commercial} {Applications} of {Smart} {Structures} {Technologies}},
	publisher = {International Society for Optics and Photonics},
	author = {Kornbluh, Roy D. and Pelrine, Ron and Pei, Qibing and Heydt, Richard and Stanford, Scott and Oh, Seajin and Eckerle, Joseph},
	month = jul,
	year = {2002},
	pages = {254--270},
}

@article{rechenbach_theoretical_2016,
	title = {Theoretical study of the electromechanical efficiency of a loaded tubular dielectric elastomer actuator},
	volume = {40},
	number = {2},
	journal = {Applied Mathematical Modelling},
	author = {Rechenbach, Björn and Willatzen, Morten and Lassen, Benny},
	month = jan,
	year = {2016},
	pages = {1232--1246},
}

@article{mao_design_2018,
	title = {Design and {Characterization} of a {Soft} {Dielectric} {Elastomer} {Peristaltic} {Pump} {Driven} by {Electromechanical} {Load}},
	volume = {23},
	number = {5},
	journal = {IEEE/ASME Transactions on Mechatronics},
	author = {Mao, G. and Wu, L. and Fu, Y. and Chen, Z. and Natani, S. and Gou, Z. and Ruan, X. and Qu, S.},
	month = oct,
	year = {2018},
	pages = {2132--2143},
}

@article{shintake_versatile_2016,
	title = {Versatile {Soft} {Grippers} with {Intrinsic} {Electroadhesion} {Based} on {Multifunctional} {Polymer} {Actuators}},
	volume = {28},
	number = {2},
	journal = {Advanced Materials},
	author = {Shintake, Jun and Rosset, Samuel and Schubert, Bryan and Floreano, Dario and Shea, Herbert},
	year = {2016},
	pages = {231--238},
}

@article{thummala_switch-mode_2014,
	title = {Switch-mode {High} {Voltage} {Drivers} for {Dielectric} {Electro} {Active} {Polymer} ({DEAP}) {Incremental} {Actuators}},
	author = {Thummala, Prasanth},
	year = {2014},
	pages = {277},
}

@article{righi_broadbanded_2021,
	title = {A broadbanded pressure differential wave energy converter based on dielectric elastomer generators},
	volume = {105},
	number = {4},
	journal = {Nonlinear Dynamics},
	author = {Righi, Michele and Moretti, Giacomo and Forehand, David and Agostini, Lorenzo and Vertechy, Rocco and Fontana, Marco},
	month = sep,
	year = {2021},
	pages = {2861--2876},
}

@article{almanza_feasibility_2021,
	title = {Feasibility of a {Dielectric} {Elastomer} {Augmented} {Aorta}},
	volume = {8},
	number = {6},
	journal = {Advanced Science},
	author = {Almanza, Morgan and Clavica, Francesco and Chavanne, Jonathan and Moser, David and Obrist, Dominik and Carrel, Thierry and Civet, Yoan and Perriard, Yves},
	year = {2021},
}
